@manual{scikit_truncated_svd_docs,
  title       = {Truncated SVD - scikit-learn documentation},
  author      = {scikit-learn developers},
  year        = {2024},
  url         = {https://scikit-learn.org/stable/modules/generated/sklearn.decomposition.TruncatedSVD.html},
  note        = {Accessed: 2024-11-25}
}

@misc{scikit_truncated_svd_github,
  title       = {Truncated SVD Implementation in scikit-learn},
  author      = {scikit-learn developers},
  year        = {2024},
  url         = {https://github.com/scikit-learn/scikit-learn/blob/fa5d7275b/sklearn/decomposition/_truncated_svd.py#L28},
  note        = {Accessed: 2024-11-25}
}

@manual{scikit_ridge_docs,
  title       = {Ridge Regression - scikit-learn documentation},
  author      = {scikit-learn developers},
  year        = {2024},
  url         = {https://scikit-learn.org/1.5/modules/generated/sklearn.linear_model.Ridge.html},
  note        = {Accessed: 2024-11-25}
}

@misc{scikit_ridge_github,
  title       = {Ridge Regression Implementation in scikit-learn},
  author      = {scikit-learn developers},
  year        = {2024},
  url         = {https://github.com/scikit-learn/scikit-learn/blob/6e9039160/sklearn/linear_model/_ridge.py#L1016},
  note        = {Accessed: 2024-11-25}
}

@online{word2vec_gfg,
  title       = {Implement Your Own Word2VecSkip-Gram Model in Python},
  author      = {GeeksforGeeks contributors},
  year        = {2024},
  url         = {https://www.geeksforgeeks.org/implement-your-own-word2vecskip-gram-model-in-python/},
  note        = {Accessed: 2024-11-25}
}

@misc{gensim_word2vec_github,
  title       = {gensim Word2Vec Implementation},
  author      = {Radim Řehůřek and contributors},
  year        = {2024},
  url         = {https://github.com/piskvorky/gensim/blob/develop/gensim/models/word2vec.py},
  note        = {Accessed: 2024-11-25}
}

@manual{tensorflow_word2vec_docs,
  title       = {Word2Vec Tutorial - TensorFlow},
  author      = {TensorFlow Team},
  year        = {2024},
  url         = {https://www.tensorflow.org/text/tutorials/word2vec},
  note        = {Accessed: 2024-11-25}
}

@misc{tensorflow_word2vec_github,
  title       = {TensorFlow Word2Vec Notebook},
  author      = {TensorFlow Team},
  year        = {2024},
  url         = {https://github.com/tensorflow/text/blob/master/docs/tutorials/word2vec.ipynb},
  note        = {Accessed: 2024-11-25}
}

@online{mccormickml_word2vec,
  title       = {Word2Vec Tutorial Part 2: Negative Sampling},
  author      = {Chris McCormick},
  year        = {2017},
  url         = {https://mccormickml.com/2017/01/11/word2vec-tutorial-part-2-negative-sampling/},
  note        = {Accessed: 2024-11-25}
}

@manual{scikit_standard_scaler_docs,
  title       = {StandardScaler - scikit-learn documentation},
  author      = {scikit-learn developers},
  year        = {2024},
  url         = {https://scikit-learn.org/stable/modules/generated/sklearn.preprocessing.StandardScaler.html},
  note        = {Accessed: 2024-11-25}
}

@misc{scikit_standard_scaler_github,
  title       = {StandardScaler Implementation in scikit-learn},
  author      = {scikit-learn developers},
  year        = {2024},
  url         = {https://github.com/scikit-learn/scikit-learn/blob/fa5d7275b/sklearn/preprocessing/_data.py#L710},
  note        = {Accessed: 2024-11-25}
}

@misc{scikit_ndcg_github,
  title       = {NDCG Metric Implementation in scikit-learn},
  author      = {scikit-learn developers},
  year        = {2024},
  url         = {https://github.com/scikit-learn/scikit-learn/blob/46a7c9a5e4fe88dfdfd371bf36477f03498a3390/sklearn/metrics/_ranking.py#L1750},
  note        = {Accessed: 2024-11-25}
}

@article{mikolov2013distributed,
  title={Distributed Representations of Words and Phrases and their Compositionality},
  author={Mikolov, Tomas and Chen, Kai and Corrado, Greg and Dean, Jeffrey},
  journal={arXiv preprint arXiv:1310.4546},
  year={2013},
  url={https://arxiv.org/abs/1310.4546}
}

@book{mmds,
  author    = {Anand Rajaraman and Jure Leskovec and Jeffrey Ullman},
  title     = {Mining of Massive Datasets, 3rd Edition},
  year      = {2020},
  url       = {http://infolab.stanford.edu/~ullman/mmds/booka.pdf},
}